@String{cgforum = "Computer Graphics Forum"}
@String{tog = "ACM TOG"}

@article{nerf22,
	title={Neural Fields in Visual Computing and Beyond},
	author={Yiheng Xie, Towaki Takikawa, Shunsuke Saito, Or Litany, Shiqin Yan, Numair Khan, Federico Tombari, James Tompkin, Vincent sitzmann, Srinath Sridhar},
	journal={cgforum},
	volume={41},
	year={2022}
}


@inproceedings{sv3d0,
	author="Zeng, Jiguo
	and Zhang, Yan
	and Zhan, Shouyi
	and Liu, Chen",
	editor="Zha, Hongbin
	and Pan, Zhigeng
	and Thwaites, Hal
	and Addison, Alonzo C.
	and Forte, Maurizio",
	title="Reconstructing Symmetric Curved Surfaces from a Single Image and Its Application",
	booktitle="Interactive Technologies and Sociotechnical Systems",
	year="2006",
	publisher="Springer Berlin Heidelberg",
	address="Berlin, Heidelberg",
	pages="204--213"
}


@article{sv3d1,
	title={Single-View 3d Reconstruction of Surface of Revolution},
	author={Hosseini, Seyed-Mohammad Hossein and Nasiri, Seyed-Mahdi and Hosseini, Reshad and Moradi, Hadi},
	journal={Pattern Recognition Letters},
	volume={1},
	year={2022}
}

@article{sv3d_buildings,
	title = {3D building reconstruction from single street view images using deep learning},
	journal = {International Journal of Applied Earth Observation and Geoinformation},
	volume = {112},
	pages = {102859},
	year = {2022},
	issn = {1569-8432},
	doi = {https://doi.org/10.1016/j.jag.2022.102859},
	url = {https://www.sciencedirect.com/science/article/pii/S1569843222000619},
	author = {Hui En Pang and Filip Biljecki},
	keywords = {3D geoinformation, GeoAI, Urban morphology, Digital twin, Google Street View, 3D GIS},
}

@article{sv3d_humans,
	author       = {Abbhinav Venkat and
	Sai Sagar Jinka and
	Avinash Sharma},
	title        = {Deep Textured 3D Reconstruction of Human Bodies},
	journal      = {CoRR},
	volume       = {abs/1809.06547},
	year         = {2018},
	url          = {http://arxiv.org/abs/1809.06547},
	eprinttype    = {arXiv},
	eprint       = {1809.06547},
	timestamp    = {Wed, 18 May 2022 16:10:47 +0200},
	biburl       = {https://dblp.org/rec/journals/corr/abs-1809-06547.bib},
	bibsource    = {dblp computer science bibliography, https://dblp.org}
}

@article{sv3d_humans2,
	title = {A review of 3D human body pose estimation and mesh recovery},
	journal = {Digital Signal Processing},
	volume = {128},
	pages = {103628},
	year = {2022},
	issn = {1051-2004},
	doi = {https://doi.org/10.1016/j.dsp.2022.103628},
	url = {https://www.sciencedirect.com/science/article/pii/S1051200422002457},
	author = {Zaka-Ud-Din Muhammad and Zhangjin Huang and Rashid Khan},
	keywords = {3D human body, Pose estimation, Human shape estimation, Human mesh recovery, Human motion recovery},
}


@inproceedings{urban1,
	title={Proceduralization for Editing 3D Architectural Models},
	author={Ilke Demir, Daniel G. Aliaga, Bedrich Benes},
	booktitle={International Conference on 3D Vision (Proceedings 3DV 2016)},
	pages={9 pages},
	year={2016},
	organization={3DV'16}
}

@phdthesis{convexphd,
	title        = {Convex Variational Methods for Single-View and Space-Time Multi-View Reconstruction},
	author       = {Martin Ralf Oswald},
	year         = 2015,
	address      = {München},
	note         = {https://mediatum.ub.tum.de/doc/1232437/928830.pdf},
	school       = {Technischen Universität München eingereicht
	und durch die Fakultät für Informatik},
	type         = {PhD thesis}
}


@inproceedings{diffSDF,
	title={Deepsdf: Learning continuous signed distance functions for shape representation},
	author={J. Park, P. Florence, J. Straub, R. Newcombe, and S. Lovegrove.},
	booktitle={Proceedings of the IEEE/CVF conference on computer vision and pattern recognition.},
	pages={165--174},
	year={2019},
	organization={IEEE}
}


@inproceedings{choy20163d,
	title={3d-r2n2: A unified approach for single and multi-view 3d object reconstruction},
	author={Choy, Christopher B and Xu, Danfei and Gwak, JunYoung and Chen, Kevin and Savarese, Silvio},
	booktitle={Computer Vision--ECCV 2016: 14th European Conference, Amsterdam, The Netherlands, October 11-14, 2016, Proceedings, Part VIII 14},
	pages={628--644},
	year={2016},
	organization={Springer}
}
@inproceedings{mescheder2019occupancy,
	title={Occupancy networks: Learning 3d reconstruction in function space},
	author={Mescheder, Lars and Oechsle, Michael and Niemeyer, Michael and Nowozin, Sebastian and Geiger, Andreas},
	booktitle={Proceedings of the IEEE/CVF conference on computer vision and pattern recognition},
	pages={4460--4470},
	year={2019}
}
@inproceedings{richter2018matryoshka,
	title={Matryoshka networks: Predicting 3d geometry via nested shape layers},
	author={Richter, Stephan R and Roth, Stefan},
	booktitle={Proceedings of the IEEE conference on computer vision and pattern recognition},
	pages={1936--1944},
	year={2018}
}
@inproceedings{popov2020corenet,
	title={Corenet: Coherent 3d scene reconstruction from a single rgb image},
	author={Popov, Stefan and Bauszat, Pablo and Ferrari, Vittorio},
	booktitle={Computer Vision--ECCV 2020: 16th European Conference, Glasgow, UK, August 23--28, 2020, Proceedings, Part II 16},
	pages={366--383},
	year={2020},
	organization={Springer}
}
@article{wu2016learning,
	title={Learning a probabilistic latent space of object shapes via 3d generative-adversarial modeling},
	author={Wu, Jiajun and Zhang, Chengkai and Xue, Tianfan and Freeman, Bill and Tenenbaum, Josh},
	journal={Advances in neural information processing systems},
	volume={29},
	year={2016}
}

@inproceedings{gkioxari2019mesh,
	title={Mesh r-cnn},
	author={Gkioxari, Georgia and Malik, Jitendra and Johnson, Justin},
	booktitle={Proceedings of the IEEE/CVF International Conference on Computer Vision},
	pages={9785--9795},
	year={2019}
}
@inproceedings{li2020self,
	title={Self-supervised single-view 3d reconstruction via semantic consistency},
	author={Li, Xueting and Liu, Sifei and Kim, Kihwan and De Mello, Shalini and Jampani, Varun and Yang, Ming-Hsuan and Kautz, Jan},
	booktitle={Computer Vision--ECCV 2020: 16th European Conference, Glasgow, UK, August 23--28, 2020, Proceedings, Part XIV 16},
	pages={677--693},
	year={2020},
	organization={Springer}
}
@inproceedings{kanazawa2018learning,
	title={Learning category-specific mesh reconstruction from image collections},
	author={Kanazawa, Angjoo and Tulsiani, Shubham and Efros, Alexei A and Malik, Jitendra},
	booktitle={Proceedings of the European Conference on Computer Vision (ECCV)},
	pages={371--386},
	year={2018}
}
@inproceedings{kato2018neural,
	title={Neural 3d mesh renderer},
	author={Kato, Hiroharu and Ushiku, Yoshitaka and Harada, Tatsuya},
	booktitle={Proceedings of the IEEE conference on computer vision and pattern recognition},
	pages={3907--3916},
	year={2018}
}
@article{chen2019learning,
	title={Learning to predict 3d objects with an interpolation-based differentiable renderer},
	author={Chen, Wenzheng and Ling, Huan and Gao, Jun and Smith, Edward and Lehtinen, Jaakko and Jacobson, Alec and Fidler, Sanja},
	journal={Advances in neural information processing systems},
	volume={32},
	year={2019}
}
@inproceedings{pontes2019image2mesh,
	title={Image2mesh: A learning framework for single image 3d reconstruction},
	author={Pontes, Jhony K and Kong, Chen and Sridharan, Sridha and Lucey, Simon and Eriksson, Anders and Fookes, Clinton},
	booktitle={Computer Vision--ACCV 2018: 14th Asian Conference on Computer Vision, Perth, Australia, December 2--6, 2018, Revised Selected Papers, Part I 14},
	pages={365--381},
	year={2019},
	organization={Springer}
}
@inproceedings{ye2021shelf,
	title={Shelf-supervised mesh prediction in the wild},
	author={Ye, Yufei and Tulsiani, Shubham and Gupta, Abhinav},
	booktitle={Proceedings of the IEEE/CVF Conference on Computer Vision and Pattern Recognition},
	pages={8843--8852},
	year={2021}
}
@inproceedings{nie2020total3dunderstanding,
	title={Total3dunderstanding: Joint layout, object pose and mesh reconstruction for indoor scenes from a single image},
	author={Nie, Yinyu and Han, Xiaoguang and Guo, Shihui and Zheng, Yujian and Chang, Jian and Zhang, Jian Jun},
	booktitle={Proceedings of the IEEE/CVF Conference on Computer Vision and Pattern Recognition},
	pages={55--64},
	year={2020}
}

@inproceedings{fan2017point,
	title={A point set generation network for 3d object reconstruction from a single image},
	author={Fan, Haoqiang and Su, Hao and Guibas, Leonidas J},
	booktitle={Proceedings of the IEEE conference on computer vision and pattern recognition},
	pages={605--613},
	year={2017}
}
@article{han2020drwr,
	title={DRWR: A differentiable renderer without rendering for unsupervised 3D structure learning from silhouette images},
	author={Han, Zhizhong and Chen, Chao and Liu, Yu-Shen and Zwicker, Matthias},
	journal={arXiv preprint arXiv:2007.06127},
	year={2020}
}
@inproceedings{chen2021unsupervised,
	title={Unsupervised learning of fine structure generation for 3d point clouds by 2d projections matching},
	author={Chen, Chao and Han, Zhizhong and Liu, Yu-Shen and Zwicker, Matthias},
	booktitle={Proceedings of the ieee/cvf international conference on computer vision},
	pages={12466--12477},
	year={2021}
}


@inproceedings{wang2018pixel2mesh,
	title={Pixel2mesh: Generating 3d mesh models from single rgb images},
	author={Wang, Nanyang and Zhang, Yinda and Li, Zhuwen and Fu, Yanwei and Liu, Wei and Jiang, Yu-Gang},
	booktitle={Proceedings of the European conference on computer vision (ECCV)},
	pages={52--67},
	year={2018}
}
@inproceedings{pan2019deep,
	title={Deep mesh reconstruction from single rgb images via topology modification networks},
	author={Pan, Junyi and Han, Xiaoguang and Chen, Weikai and Tang, Jiapeng and Jia, Kui},
	booktitle={Proceedings of the IEEE/CVF International Conference on Computer Vision},
	pages={9964--9973},
	year={2019}
}
@inproceedings{tatarchenko2019single,
	title={What do single-view 3d reconstruction networks learn?},
	author={Tatarchenko, Maxim and Richter, Stephan R and Ranftl, Ren{\'e} and Li, Zhuwen and Koltun, Vladlen and Brox, Thomas},
	booktitle={Proceedings of the IEEE/CVF conference on computer vision and pattern recognition},
	pages={3405--3414},
	year={2019}
}
@article{zhang2018learning,
	title={Learning to reconstruct shapes from unseen classes},
	author={Zhang, Xiuming and Zhang, Zhoutong and Zhang, Chengkai and Tenenbaum, Josh and Freeman, Bill and Wu, Jiajun},
	journal={Advances in neural information processing systems},
	volume={31},
	year={2018}
}

@article{yang2022zeromesh,
	title={ZeroMesh: Zero-shot Single-view 3D Mesh Reconstruction},
	author={Yang, Xianghui and Lin, Guosheng and Zhou, Luping},
	journal={arXiv preprint arXiv:2208.02676},
	year={2022}
}
@article{laine2020modular,
	title={Modular primitives for high-performance differentiable rendering},
	author={Laine, Samuli and Hellsten, Janne and Karras, Tero and Seol, Yeongho and Lehtinen, Jaakko and Aila, Timo},
	journal={ACM Transactions on Graphics (TOG)},
	volume={39},
	number={6},
	pages={1--14},
	year={2020},
	publisher={ACM New York, NY, USA}
}
@article{zhang2021path,
	title={Path-space differentiable rendering of participating media},
	author={Zhang, Cheng and Yu, Zihan and Zhao, Shuang},
	journal={ACM Transactions on Graphics (TOG)},
	volume={40},
	number={4},
	pages={1--15},
	year={2021},
	publisher={ACM New York, NY, USA}
}
@article{nimier2020radiative,
	title={Radiative backpropagation: an adjoint method for lightning-fast differentiable rendering},
	author={Nimier-David, Merlin and Speierer, S{\'e}bastien and Ruiz, Beno{\^\i}t and Jakob, Wenzel},
	journal={ACM Transactions on Graphics (TOG)},
	volume={39},
	number={4},
	pages={146--1},
	year={2020},
	publisher={ACM New York, NY, USA}
}
@INPROCEEDINGS{9577710,
	
	author={Wickramasinghe, Udaranga and Fua, Pascal and Knott, Graham},
	
	booktitle={2021 IEEE/CVF Conference on Computer Vision and Pattern Recognition (CVPR)}, 
	
	title={Deep Active Surface Models}, 
	
	year={2021},
	
	volume={},
	
	number={},
	
	pages={11647-11656},
	
	doi={10.1109/CVPR46437.2021.01148}}
@article{wang2021fast,
	title={Fast quasi-harmonic weights for geometric data interpolation},
	author={Wang, Yu and Solomon, Justin},
	journal={ACM Transactions on Graphics (TOG)},
	volume={40},
	number={4},
	pages={1--15},
	year={2021},
	publisher={ACM New York, NY, USA}
}
@article{nicolet2021large,
	title={Large steps in inverse rendering of geometry},
	author={Nicolet, Baptiste and Jacobson, Alec and Jakob, Wenzel},
	journal={ACM Transactions on Graphics (TOG)},
	volume={40},
	number={6},
	pages={1--13},
	year={2021},
	publisher={ACM New York, NY, USA}
}
@article{vicini2022differentiable,
	title={Differentiable signed distance function rendering},
	author={Vicini, Delio and Speierer, S{\'e}bastien and Jakob, Wenzel},
	journal={ACM Transactions on Graphics (TOG)},
	volume={41},
	number={4},
	pages={1--18},
	year={2022},
	publisher={ACM New York, NY, USA}
}

@article{lombardi2019neural,
	title={Neural volumes: Learning dynamic renderable volumes from images},
	author={Lombardi, Stephen and Simon, Tomas and Saragih, Jason and Schwartz, Gabriel and Lehrmann, Andreas and Sheikh, Yaser},
	journal={arXiv preprint arXiv:1906.07751},
	year={2019}
}
@article{mildenhall2021nerf,
	title={Nerf: Representing scenes as neural radiance fields for view synthesis},
	author={Mildenhall, Ben and Srinivasan, Pratul P and Tancik, Matthew and Barron, Jonathan T and Ramamoorthi, Ravi and Ng, Ren},
	journal={Communications of the ACM},
	volume={65},
	number={1},
	pages={99--106},
	year={2021},
	publisher={ACM New York, NY, USA}
}
@article{vicini2021non,
	title={A non-exponential transmittance model for volumetric scene representations},
	author={Vicini, Delio and Jakob, Wenzel and Kaplanyan, Anton},
	journal={ACM Transactions on Graphics (TOG)},
	volume={40},
	number={4},
	pages={1--16},
	year={2021},
	publisher={ACM New York, NY, USA}
}
@inproceedings{fridovich2022plenoxels,
	title={Plenoxels: Radiance fields without neural networks},
	author={Fridovich-Keil, Sara and Yu, Alex and Tancik, Matthew and Chen, Qinhong and Recht, Benjamin and Kanazawa, Angjoo},
	booktitle={Proceedings of the IEEE/CVF Conference on Computer Vision and Pattern Recognition},
	pages={5501--5510},
	year={2022}
}
@article{muller2022instant,
	title={Instant neural graphics primitives with a multiresolution hash encoding},
	author={M{\"u}ller, Thomas and Evans, Alex and Schied, Christoph and Keller, Alexander},
	journal={ACM Transactions on Graphics (ToG)},
	volume={41},
	number={4},
	pages={1--15},
	year={2022},
	publisher={ACM New York, NY, USA}
}

@article{yifan2019differentiable,
	title={Differentiable surface splatting for point-based geometry processing},
	author={Yifan, Wang and Serena, Felice and Wu, Shihao and {\"O}ztireli, Cengiz and Sorkine-Hornung, Olga},
	journal={ACM Transactions on Graphics (TOG)},
	volume={38},
	number={6},
	pages={1--14},
	year={2019},
	publisher={ACM New York, NY, USA}
}
@article{ruckert2022adop,
	title={Adop: Approximate differentiable one-pixel point rendering},
	author={R{\"u}ckert, Darius and Franke, Linus and Stamminger, Marc},
	journal={ACM Transactions on Graphics (TOG)},
	volume={41},
	number={4},
	pages={1--14},
	year={2022},
	publisher={ACM New York, NY, USA}
}

@article{hendrikx2013procedural,
	title={Procedural content generation for games: A survey},
	author={Hendrikx, Mark and Meijer, Sebastiaan and Van Der Velden, Joeri and Iosup, Alexandru},
	journal={ACM Transactions on Multimedia Computing, Communications, and Applications (TOMM)},
	volume={9},
	number={1},
	pages={1--22},
	year={2013},
	publisher={ACM New York, NY, USA}
}
@article{freiknecht2017survey,
	title={A survey on the procedural generation of virtual worlds},
	author={Freiknecht, Jonas and Effelsberg, Wolfgang},
	journal={Multimodal Technologies and Interaction},
	volume={1},
	number={4},
	pages={27},
	year={2017},
	publisher={MDPI}
}

@article{guo2020inverse,
	title={Inverse procedural modeling of branching structures by inferring L-systems},
	author={Guo, Jianwei and Jiang, Haiyong and Benes, Bedrich and Deussen, Oliver and Zhang, Xiaopeng and Lischinski, Dani and Huang, Hui},
	journal={ACM Transactions on Graphics (TOG)},
	volume={39},
	number={5},
	pages={1--13},
	year={2020},
	publisher={ACM New York, NY, USA}
}
@inproceedings{stava2014inverse,
	title={Inverse procedural modelling of trees},
	author={Stava, Ondrej and Pirk, S{\"o}ren and Kratt, Julian and Chen, Baoquan and M{\v{e}}ch, Radom{\'\i}r and Deussen, Oliver and Benes, Bedrich},
	booktitle={Computer Graphics Forum},
	volume={33},
	number={6},
	pages={118--131},
	year={2014},
	organization={Wiley Online Library}
}
@phdthesis{weissenberg2014inverse,
	title={Inverse Procedural Modelling and Applications},
	author={Weissenberg, Julien},
	year={2014},
	school={ETH-Z{\"u}rich}
}
@article{garifullin2022fitting,
	title={Fitting Parameters for Procedural Plant Generation},
	author={Garifullin, Albert and Shcherbakov, Alexandr and Frolov, Vladimir},
	year={2022},
	publisher={V{\'a}clav Skala-UNION Agency}
}

@inproceedings {garifullin2023diff,
	booktitle = {Computer Graphics and Visual Computing (CGVC)},
	editor = {Vangorp, Peter and Hunter, David},
	title = {{Differentiable Procedural Models for Single-view 3D Mesh Reconstruction}},
	author = {Garifullin, Albert and Maiorov, Nikolay and Frolov, Vladimir},
	year = {2023},
	publisher = {The Eurographics Association},
	ISBN = {978-3-03868-231-8},
	DOI = {10.2312/cgvc.20231189}
}

@article{neri2012memetic,
	title={Memetic algorithms and memetic computing optimization: A literature review},
	author={Neri, Ferrante and Cotta, Carlos},
	journal={Swarm and Evolutionary Computation},
	volume={2},
	pages={1--14},
	year={2012},
	publisher={Elsevier}
}

@misc{Mitsuba3,
	title = {Mitsuba 3 renderer},
	author = {Wenzel Jakob and Sébastien Speierer and Nicolas Roussel and Merlin Nimier-David and Delio Vicini and Tizian Zeltner and Baptiste Nicolet and Miguel Crespo and Vincent Leroy and Ziyi Zhang},
	note = {https://mitsuba-renderer.org},
	version = {3.1.1},
	year = 2022
}
@article{bell2012cppad,
	title={CppAD: a package for C++ algorithmic differentiation},
	author={Bell, Bradley M},
	journal={Computational Infrastructure for Operations Research},
	volume={57},
	number={10},
	year={2012}
}


@article{Buhmann:1998:DCQ,
	AUTHOR = {J. M. Buhmann and D. W. Fellner and M. Held and J.
	Ketterer and J. Puzicha},
	TITLE = {Dithered Color Quantization},
	JOURNAL = cgforum,
	EDITOR = {N. Ferreira and M. G\"{o}bel},
	VOLUME = {17},	NUMBER = {3},
	MONTH = Sep,	YEAR = {1998},	PAGES = {C219-C231},
	DOI = {10.1111/1467-8659.00269},
	NOTE = {(Proc. Eurographics'98)
	\httpsAddr{//diglib.eg.org/handle/10.2312/8491}} }

@ARTICLE{Fellner-Helmberg93,
	AUTHOR = {Fellner, Dieter W. and Helmberg, Christoph},
	TITLE = {Robust Rendering of General Ellipses and Elliptical Arcs},
	JOURNAL = tog,
	VOLUME = {12},	NUMBER = {3},
	MONTH = Jul,	YEAR = {1993},	PAGES = {251-276},
	DOI= {10.1145/169711.169704}
}

@BOOK (FolDamFeiHug.etal93,
AUTHOR = {Foley, James D. and van Dam, Andries and
	Feiner, Stephen K. and Hughes, John F. and Phillips, R.},
TITLE = {Introduction to Computer Graphics},
PUBLISHER = {Addison-Wesley},
YEAR = {1993} )

@ARTICLE{Kobbelt97-USHDR,
	author = {L. Kobbelt and M. Stamminger and H.-P. Seidel},
	title = {Using Subdivision on Hierarchical Data to Reconstruct Radiosity
	Distribution},
	JOURNAL = cgforum,
	volume = 16,	number = 3,	pages = {C347-C355},
	year = 1997,
	DOI = {10.1111/1467-8659.16.3conferenceissue.36},
	note = {(Proc. Eurographics'97)
	\httpsAddr{//diglib.eg.org/handle/10.2312/8393}} }

@INPROCEEDINGS{Lafortune97-NARF,
	author = {Eric P. Lafortune and Sing-Choong Foo and Kenneth E. Torrance and
	Donald P. Greenberg},
	title = {Non-Linear Approximation of Reflectance Functions},
	booktitle = {Proc. SIGGRAPH '97},
	volume = 31,	pages = {117-126},
	year = 1997,
	DOI = {10.1145/258734.258801}
}

@ARTICLE (Lous90,
AUTHOR = {Y. Le Lous},
TITLE = {Report on the {F}irst {E}urographics {W}orkshop on {V}isualization in
	{S}cientific {C}omputing},
JOURNAL = cgforum,
VOLUME = {9},	NUMBER = {4},
MONTH = dec,	YEAR = {1990},	PAGES = {371-372},
DOI= {10.1111/j.1467-8659.1990.tb00430.x}
)

@ARTICLE (Seidel93,
AUTHOR = {Seidel, Hans-Peter},
TITLE = {Polar Forms for Geometrically Continuous Spline Curves of
	Arbitrary Degree},
JOURNAL = tog,
VOLUME = {12},	NUMBER = {1},
MONTH = Jan,	YEAR = {1993},	PAGES = {1-34},
DOI= {10.1145/169728.169726}
)

@book{mitchell1998introduction,
	title={An introduction to genetic algorithms},
	author={Mitchell, Melanie},
	year={1998},
	publisher={MIT press}
}
@article{cadena2016past,
	title={Past, present, and future of simultaneous localization and mapping: Toward the robust-perception age},
	author={Cadena, Cesar and Carlone, Luca and Carrillo, Henry and Latif, Yasir and Scaramuzza, Davide and Neira, Jos{\'e} and Reid, Ian and Leonard, John J},
	journal={IEEE Transactions on robotics},
	volume={32},
	number={6},
	pages={1309--1332},
	year={2016},
	publisher={IEEE}
}
@inproceedings{schonberger2016structure,
	title={Structure-from-motion revisited},
	author={Schonberger, Johannes L and Frahm, Jan-Michael},
	booktitle={Proceedings of the IEEE conference on computer vision and pattern recognition},
	pages={4104--4113},
	year={2016}
}
@misc{SpeedTree,
	title = {SpeedTree},
	author = {SpeedTree IDV Inc},
	note = {http://www.speedtree.com},
	version = {},
	year = 2017
}
@book{prusinkiewicz2012algorithmic,
	title={The algorithmic beauty of plants},
	author={Prusinkiewicz, Przemyslaw and Lindenmayer, Aristid},
	year={2012},
	publisher={Springer Science \& Business Media}
}
@inproceedings{yi2018tree,
	title={Tree growth modelling constrained by growth equations},
	author={Yi, Lei and Li, Hongjun and Guo, Jianwei and Deussen, Oliver and Zhang, Xiaopeng},
	booktitle={Computer Graphics Forum},
	volume={37},
	number={1},
	pages={239--253},
	year={2018},
	organization={Wiley Online Library}
}

@inproceedings{gaillard2022automatic,
	title={Automatic differentiable procedural modeling},
	author={Gaillard, Mathieu and Krs, Vojt{\v{e}}ch and Gori, Giorgio and M{\v{e}}ch, Radom{\'\i}r and Benes, Bedrich},
	booktitle={Computer Graphics Forum},
	volume={41},
	number={2},
	pages={289--307},
	year={2022},
	organization={Wiley Online Library}
}

@article{hu2022inverse,
	title={An inverse procedural modeling pipeline for svbrdf maps},
	author={Hu, Yiwei and He, Chengan and Deschaintre, Valentin and Dorsey, Julie and Rushmeier, Holly},
	journal={ACM Transactions on Graphics (TOG)},
	volume={41},
	number={2},
	pages={1--17},
	year={2022},
	publisher={ACM New York, NY}
}

@article{wu2013inverse,
	title={Inverse procedural modeling of facade layouts},
	author={Wu, Fuzhang and Yan, Dong-Ming and Dong, Weiming and Zhang, Xiaopeng and Wonka, Peter},
	journal={arXiv preprint arXiv:1308.0419},
	year={2013}
}

@article{trunz2023neural,
	title={Neural inverse procedural modeling of knitting yarns from images},
	author={Trunz, Elena and Klein, Jonathan and M{\"u}ller, Jan and Bode, Lukas and Sarlette, Ralf and Weinmann, Michael and Klein, Reinhard},
	journal={arXiv preprint arXiv:2303.00154},
	year={2023}
}

@article{nerfMeshing,
	title={NeRFMeshing: Distilling Neural Radiance Fields into Geometrically-Accurate 3D Meshes},
	author={Marie-Julie Rakotosaona, Fabian Manhardt, Diego Martin Arroyo, Michael Niemeyer, Abhijit Kundu, Federico Tombari},
	journal={arXiv preprint arXiv:2303.09431},
	year={2023}
}

@article{nerfMeshing2,
	title={Delicate Textured Mesh Recovery from NeRF via Adaptive Surface Refinement},
	author={Jiaxiang Tang, Hang Zhou, Xiaokang Chen, Tianshu Hu, Errui Ding, Jingdong Wang, Gang Zeng},
	journal={arXiv preprint arXiv:2303.02091},
	year={2023}
}


@article{FujunFiber2016,
	author = {Zhao, Shuang and Luan, Fujun and Bala, Kavita},
	title = {Fitting Procedural Yarn Models for Realistic Cloth Rendering},
	year = {2016},
	issue_date = {July 2016},
	publisher = {Association for Computing Machinery},
	address = {New York, NY, USA},
	volume = {35},
	number = {4},
	issn = {0730-0301},
	url = {https://doi.org/10.1145/2897824.2925932},
	doi = {10.1145/2897824.2925932},
	month = {jul},
	articleno = {51},
	numpages = {11},
	keywords = {procedural geometry, appearance modeling, textile},
}

@article{FujunDR21,
	author       = {Fujun Luan and
	Shuang Zhao and
	Kavita Bala and
	Zhao Dong},
	title        = {Unified Shape and {SVBRDF} Recovery using Differentiable Monte Carlo
	Rendering},
	journal      = {CoRR},
	volume       = {abs/2103.15208},
	year         = {2021},
	url          = {https://arxiv.org/abs/2103.15208},
	eprinttype    = {arXiv},
	eprint       = {2103.15208},
	timestamp    = {Thu, 13 Jul 2023 08:31:52 +0200},
	biburl       = {https://dblp.org/rec/journals/corr/abs-2103-15208.bib},
	bibsource    = {dblp computer science bibliography, https://dblp.org}
}

@inproceedings{FujunDR22,
	author = {Deng, Xi and Luan, Fujun and Walter, Bruce and Bala, Kavita and Marschner, Steve},
	title = {Reconstructing Translucent Objects Using Differentiable Rendering},
	year = {2022},
	isbn = {9781450393379},
	publisher = {Association for Computing Machinery},
	address = {New York, NY, USA},
	url = {https://doi.org/10.1145/3528233.3530714},
	doi = {10.1145/3528233.3530714},
	articleno = {38},
	numpages = {10},
	keywords = {ray tracing, subsurface scattering, appearance acquisition, differentiable rendering},
	location = {Vancouver, BC, Canada},
	series = {SIGGRAPH '22}
}

@Article{kerbl3Dgaussians,
	author       = {Kerbl, Bernhard and Kopanas, Georgios and Leimk{\"u}hler, Thomas and Drettakis, George},
	title        = {3D Gaussian Splatting for Real-Time Radiance Field Rendering},
	journal      = {ACM Transactions on Graphics},
	number       = {4},
	volume       = {42},
	month        = {July},
	year         = {2023},
	url          = {https://repo-sam.inria.fr/fungraph/3d-gaussian-splatting/}
}

@inproceedings{Bangaru2022NeuralSDFReparam,
	title = {Differentiable Rendering of Neural SDFs through Reparameterization},
	author = {Bangaru, Sai and Gharbi, Michael and Li, Tzu-Mao and Luan, Fujun and Sunkavalli, Kalyan and Hasan, Milos and Bi, Sai and Xu, Zexiang and Bernstein, Gilbert and Durand, Fredo},
	booktitle = {ACM SIGGRAPH Asia 2022 Conference Proceedings},
	articleno = {22},
	numpages = {9},
	year = {2022},
	publisher = {Association for Computing Machinery},
	address = {New York, NY, USA},
	location = {Daegu, Republic of Korea},
	series = {SIGGRAPH Asia '22},
	url = {https://doi.org/10.1145/3550469.3555397},
	doi = {10.1145/3550469.3555397}
}


@inproceedings{Aliaga16SiggCourse,
	title = {Inverse Procedural Modeling of 3D Models for Virtual Worlds},
	author = {Aliaga, Daniel G. and Demir, \.{I}lke and Benes, Bedrich and Wand, Michael},
	year = {2016},
	booktitle = {ACM SIGGRAPH 2016 Courses},
	location = {Anaheim, California},
	publisher = {ACM},
	address = {New York, NY, USA},
	series = {SIGGRAPH '16},
	pages = {16:1--16:316},
	doi = {10.1145/2897826.2927323},
	isbn = {978-1-4503-4289-6},
	url = {http://doi.acm.org/10.1145/2897826.2927323},
	articleno = {16},
	numpages = {316},
	acmid = {2927323},
	image = {Aliaga-2016-Inverse_Procedural_Modeling_of_3D_Models_for_Virtual_Worlds-thumbnail.png},
	pdf = {Aliaga-2016-Inverse_Procedural_Modeling_of_3D_Models_for_Virtual_Worlds.pdf}
}
@inproceedings{hadrich2017interactive,
	title={Interactive modeling and authoring of climbing plants},
	author={H{\"a}drich, Torsten and Benes, Bedrich and Deussen, Oliver and Pirk, S{\"o}ren},
	booktitle={Computer Graphics Forum},
	volume={36},
	number={2},
	pages={49--61},
	year={2017},
	organization={Wiley Online Library}
}
@inproceedings{yi2015light,
	title={Light-Guided Tree Modeling of Diverse Biomorphs.},
	author={Yi, Lei and Li, Hongjun and Guo, Jianwei and Deussen, Oliver and Zhang, Xiaopeng},
	booktitle={PG (Short Papers)},
	pages={53--57},
	year={2015}
}
@inproceedings{weber1995creation,
	title={Creation and rendering of realistic trees},
	author={Weber, Jason and Penn, Joseph},
	booktitle={Proceedings of the 22nd annual conference on Computer graphics and interactive techniques},
	pages={119--128},
	year={1995}
}
@article{li2021learning,
	title={Learning to reconstruct botanical trees from single images},
	author={Li, Bosheng and Ka{\l}u{\.z}ny, Jacek and Klein, Jonathan and Michels, Dominik L and Pa{\l}ubicki, Wojtek and Benes, Bedrich and Pirk, S{\"o}ren},
	journal={ACM Transactions on Graphics (TOG)},
	volume={40},
	number={6},
	pages={1--15},
	year={2021},
	publisher={ACM New York, NY, USA}
}
@article{li2018differentiable,
	title={Differentiable monte carlo ray tracing through edge sampling},
	author={Li, Tzu-Mao and Aittala, Miika and Durand, Fr{\'e}do and Lehtinen, Jaakko},
	journal={ACM Transactions on Graphics (TOG)},
	volume={37},
	number={6},
	pages={1--11},
	year={2018},
	publisher={ACM New York, NY, USA}
}
@misc{zou2023triplane,
	title={Triplane Meets Gaussian Splatting: Fast and Generalizable Single-View 3D Reconstruction with Transformers}, 
	author={Zi-Xin Zou and Zhipeng Yu and Yuan-Chen Guo and Yangguang Li and Ding Liang and Yan-Pei Cao and Song-Hai Zhang},
	year={2023},
	eprint={2312.09147},
	archivePrefix={arXiv},
	primaryClass={cs.CV}
}

@inproceedings{sportelli2014probabilistic,
  title={A Probabilistic Grammar for Procedural Content Generation},
  author={Sportelli, Francesco and Toto, Giuseppe and VESSIO, GENNARO and others},
  booktitle={Proceedings of the 6th Workshop on Non-Classical Models of Automata and Applications (NCMA 2014)-Short Papers},
  pages={31--36},
  year={2014},
  organization={Oesterreichische Computer Gesellschaft}
}

@article{marvie2005fl,
  title={The FL-system: a functional L-system for procedural geometric modeling},
  author={Marvie, Jean-Eudes and Perret, Julien and Bouatouch, Kadi},
  journal={The Visual Computer},
  volume={21},
  number={5},
  pages={329--339},
  year={2005},
  publisher={Springer}
}

@inproceedings{vst2010inverse,
  title={Inverse procedural modeling by automatic generation of L-systems},
  author={{\v{S}}t'ava, Ondrej and Bene{\v{s}}, Bedrich and M{\v{e}}ch, Radomir and Aliaga, Daniel G and Kri{\v{s}}tof, Peter},
  booktitle={Computer graphics forum},
  volume={29},
  number={2},
  pages={665--674},
  year={2010},
  organization={Wiley Online Library}
}

@inproceedings{viana2019survey,
  title={A survey of procedural dungeon generation},
  author={Viana, Breno MF and dos Santos, Selan R},
  booktitle={2019 18th Brazilian Symposium on Computer Games and Digital Entertainment (SBGames)},
  pages={29--38},
  year={2019},
  organization={IEEE}
}

@inproceedings{de2011survey,
  title={A survey of procedural content generation techniques suitable to game development},
  author={De Carli, Daniel Michelon and Bevilacqua, Fernando and Pozzer, Cesar Tadeu and d'Ornellas, Marcos Cordeiro},
  booktitle={2011 Brazilian symposium on games and digital entertainment},
  pages={26--35},
  year={2011},
  organization={IEEE}
}

@inproceedings{NEURIPS2020_9332c513,
 author = {Moses, William and Churavy, Valentin},
 booktitle = {Advances in Neural Information Processing Systems},
 editor = {H. Larochelle and M. Ranzato and R. Hadsell and M. F. Balcan and H. Lin},
 pages = {12472--12485},
 publisher = {Curran Associates, Inc.},
 title = {Instead of Rewriting Foreign Code for Machine Learning, Automatically Synthesize Fast Gradients},
 url = {https://proceedings.neurips.cc/paper/2020/file/9332c513ef44b682e9347822c2e457ac-Paper.pdf},
 volume = {33},
 year = {2020}
}

@inproceedings{10.1145/3458817.3476165,
author = {Moses, William S. and Churavy, Valentin and Paehler, Ludger and H\"{u}ckelheim, Jan and Narayanan, Sri Hari Krishna and Schanen, Michel and Doerfert, Johannes},
title = {Reverse-Mode Automatic Differentiation and Optimization of GPU Kernels via Enzyme},
year = {2021},
isbn = {9781450384421},
publisher = {Association for Computing Machinery},
address = {New York, NY, USA},
url = {https://doi.org/10.1145/3458817.3476165},
doi = {10.1145/3458817.3476165},
booktitle = {Proceedings of the International Conference for High Performance Computing, Networking, Storage and Analysis},
articleno = {61},
numpages = {16},
keywords = {CUDA, LLVM, ROCm, HPC, AD, GPU, automatic differentiation},
location = {St. Louis, Missouri},
series = {SC '21}
}

@inproceedings{10.5555/3571885.3571964,
author = {Moses, William S. and Narayanan, Sri Hari Krishna and Paehler, Ludger and Churavy, Valentin and Schanen, Michel and H\"{u}ckelheim, Jan and Doerfert, Johannes and Hovland, Paul},
title = {Scalable Automatic Differentiation of Multiple Parallel Paradigms through Compiler Augmentation},
year = {2022},
isbn = {9784665454445},
publisher = {IEEE Press},
booktitle = {Proceedings of the International Conference on High Performance Computing, Networking, Storage and Analysis},
articleno = {60},
numpages = {18},
keywords = {automatic differentiation, tasks, OpenMP, compiler, Julia, parallel, Enzyme, C++, RAJA, hybrid parallelization, MPI, distributed, LLVM},
location = {Dallas, Texas},
series = {SC '22}
}

@article{garifullin2024single,
  title={Single-View 3D Reconstruction via Differentiable Rendering and Inverse Procedural Modeling},
  author={Garifullin, Albert and Maiorov, Nikolay and Frolov, Vladimir and Voloboy, Alexey},
  journal={Symmetry},
  volume={16},
  number={2},
  pages={184},
  year={2024},
  publisher={MDPI}
}

@incollection{muller2006procedural,
  title={Procedural modeling of buildings},
  author={M{\"u}ller, Pascal and Wonka, Peter and Haegler, Simon and Ulmer, Andreas and Van Gool, Luc},
  booktitle={ACM SIGGRAPH 2006 Papers},
  pages={614--623},
  year={2006}
}