@String{cgforum = "Computer Graphics Forum"}
@String{tog = "ACM TOG"}

@article{DGF,
  title   = {DGF: A Dense, Hardware Friendly Geometry Format for Lossily Compression Meshlets with Arbitrary Topologies.},
  author  = {Joshua Barczak and Carsten Benthin and David McAllister},
  journal = {Proceedings of the ACM on Computer Graphics and Interactive Techniques 7},
  volume  = {41},
  year    = {2024}
}

@article{Meshlet,
  title   = {End-to-End compressed Meshlet Rendering},
  author  = {Daniel Mlakar and Markus Steinberger and Dieter Schmalstieg},
  journal = {Wiley Online Library, e15002},
  volume  = {43},
  year    = {2024}
}

@article{fly_fly,
  title   = {Mesh compression method with on-the-fly decompression during rasterization and streaming support},
  author  = {A. Nikolaev and A. Shcherbakov and V. Frolov},
  journal = {WSCG 2022 Proceedings},
  year    = {2022}
}

@article{LA_lods,
  title   = {Locally-Adaptive Level-of-Detail for Hardware-Accelerated Ray Tracing},
  author  = {Jacob Haydel and Cem Yuksel and Larry Seiler},
  journal = {ACM Transactions on Graphics},
  volume  = {42},
  year    = {2023}
}

@article{micromesh,
  title   = {Micro-Mesh Construction},
  author  = {Andrea Maggiordomo and Henry Moreton and Marco Tarini},
  journal = {ACM Trans. Graph},
  volume  = {42},
  year    = {2023}
}

@article{ls_cad,
  title   = {Efficient GPU out-of-core visualization of large-scale CAD models with voxel representations},
  author  = {Junjie Xue and Gang Zhao and Wenlei Xiao},
  journal = {Advances in Engineering Software},
  volume  = {99},
  year    = {2016}
}

@article{ospray,
  title   = {OSPRay - A CPU Ray Tracing Framework for Scientific Visualization},
  author  = {M Wald and GP Johnson and J Amstutz},
  journal = {IEEE Transactions on Visualization and Computer Graphics},
  volume  = {23},
  year    = {2017}
}

@article{vppt,
  title   = {Vectorized production path tracing},
  author  = {Mark Lee and Brian Green and Feng Xie},
  journal = {Association for Computing Machinery, New York},
  volume  = {10},
  year    = {2017}
}

@article{lpm,
  title   = {Robust Low-Poly Meshing for General 3D Models},
  author  = {Zhen Chen and Zherong Pan and Kui Wu and Etienne Vouga},
  journal = {ACM Trans. Graph},
  volume  = {42},
  year    = {2023}
}

@article{old_lods,
  title   = {Surface simplification using quadric error metrics},
  author  = {Michael Garland and Paul S. Heckbert},
  journal = {In Proceedings of the 24th Annual Conference on Computer Graphics and Interactive Techniques},
  year    = {1997}
}

@article{scet,
  title   = {3D Mesh compression: Survey, Comparisons, and Emerging Trends},
  author  = {Adrien Maglo and Guillaume Lavoué and Florent Dupont and Céline Hudelot},
  journal = {ACM Comput. Surv.},
  volume  = {47},
  year    = {2015}
}

@article{gi,
  title   = {Geometry images},
  author  = {Xianfeng Gu and Steven J. Gortler and Hugues Hoppe},
  journal = {ACM SIGGRAPH},
  year    = {2002}
}

@article{ngf,
  title   = {Neural Geometry Fields For Meshes},
  author  = {Venkataram Edavamadathil Sivaram and Tzu-Mao Li and Ravi Ramamoorthi},
  journal = {ACM SIGGRAPH},
  year    = {2024}
}

@article{scgb,
  title   = {Surface compression with geometric bandelets},
  author  = {Gabriel Peyré and Stéphane Mallat},
  journal = {ACM SIGGRAPH},
  year    = {2005}
}

@inproceedings{vknvtc,
  title        = {RTXMG},
  author       = {NVIDIA},
  year         = {2025},
  organization = {NVIDIA}
}

@article{octree,
  title   = {Ray Tracing of Signed Distance Function Grids},
  author  = {Hansson-Söderlund Herman and Evans Alex and Akenine-Möller Tomas},
  journal = {Journal of Computer Graphics Techniques 11},
  year    = {2022}
}

@article{vdb,
  title   = {High-resolution sparse volumes with dynamic topology},
  author  = {Ken Museth},
  journal = {ACM Trans. Graph. 32},
  year    = {2013}
}

@article{gvdb,
  title   = {GVDB: raytracing sparse voxel database structures on the GPU},
  author  = {Rama Karl Hoetzlein},
  journal = {In Proceedings of High Performance Graphics (Dublin, Ireland)},
  year    = {2016}
}

@article{octree_old,
  title   = {Efficient sparse voxel octrees},
  author  = {Samuli Laine and Tero Karras},
  journal = {Association for Computing Machinery},
  year    = {2010}
}

@article{octree_analytic,
  title   = {Rendering piecewise approximations of SDFs through analytic intersections},
  author  = {Eduard Pujol and Antonio Chica},
  journal = {Comput. Graph. 122},
  year    = {2024}
}

@article{aasdf,
  title   = {Adaptive approximation of signed distance fields through piecewise continuous interpolation},
  author  = {Eduard Pujol and Antonio Chica},
  journal = {Comput. Graph. 114},
  year    = {2023}
}

@article{nglod,
  title   = {Neural Geometric Level of Detail: Real-time Rendering with Implicit 3D Shapes},
  author  = {Towaki Takikawa and Joey Litalien and Kangxue Yin and Karsten Kreis and Charles Loop and Derek Nowrouzezahrai and Alec Jacobson and Morgan McGuire and Sanja Fidler},
  journal = {In Computer Vision and Pattern Recognition (CVPR), 2021 (Oral)},
  year    = {2021}
}

@article{ingp,
  title   = {Instant Neural Graphics Primitives with a Multiresolution Hash Encoding},
  author  = {THOMAS MÜLLER and ALEX EVANS and CHRISTOPH SCHIED and ALEXANDER KELLER},
  journal = {ACM Transactions on Graphics (SIGGRAPH 2022)},
  year    = {2022}
}

@article{titd,
  title   = {Triquintic interpolation in three dimensions},
  author  = {Henry A. Boateng and Kyle Bradach},
  journal = { J. Comput. Appl. Math. 430},
  year    = {2023}
}

@article{hashgrid,
  title   = {Real-time 3D reconstruction at scale using voxel hashing},
  author  = {Matthias Nießner and Michael Zollhöfer and Shahram Izadi and Marc Stamminger},
  journal = {ACM Trans. Graph. 32},
  year    = {2013}
}

@article{mpr,
  title   = {Massively Parallel Rendering of Complex Closed-Form Implicit Surfaces},
  author  = {Matthew J. Keeter},
  journal = {SIGGRAPH 2020},
  year    = {2020}
}

@article{itlbvh,
  title   = {Improved two-level BVHs using partial re-braiding},
  author  = {Carsten Benthin and Sven Woop and Ingo Wald and Attila T. Áfra},
  journal = {In Proceedings of High Performance Graphics (HPG '17)},
  year    = {2017}
}

@article{bogolepov,
  title   = {GPU-optimized Ray-tracing for Constructive Solid Geometry Scenes},
  author  = {Bogolepov and D.K. and Ulyanov, D. and Turlapov, V. and Sas and O.},
  journal = {Графикон},
  year    = {2016}
}

@article{ssim,
  title   = {Image quality assessment: from error visibility to structural similarity},
  author  = {Zhou Wang and A.C. Bovik and H.R. Sheikh and E.P. Simoncelli},
  journal = {IEEE Transactions on Image Processing },
  year    = {2004}
}

@article{flip,
  title   = {Scaling Language-Image Pre-training via Masking},
  author  = {Yanghao Li and Haoqi Fan and Ronghang Hu and Christoph Feichtenhofer and Kaiming He},
  journal = {arXiv:2212.00794v},
  year    = {2023}
}

@article{lpips,
  title   = {The Unreasonable Effectiveness of Deep Features as a Perceptual Metric},
  author  = {Richard Zhang and Phillip Isola and Alexei A. Efros and Eli Shechtman and Oliver Wang},
  journal = {CVPR 2018},
  year    = {2018}
}

@article{alexnet,
  title   = {ImageNet Classification with Deep Convolutional Neural Networks},
  author  = {Alex Krizhevsky, Ilya Sutskever, Geoffrey E. Hinton},
  journal = {Advances in Neural Information Processing Systems 25},
  year    = {2012}
}

@article{diligent102,
  title   = {DiLiGenT102: A Photometric Stereo Benchmark Dataset with Controlled Shape and Material Variation},
  author  = {Jieji Ren and Feishi Wang and Jiahao Zhang and Qian Zheng and Mingjun Ren and Boxin Shi},
  journal = {IEEE Xplore},
  year    = {2022}
}

@article{lucesmv,
  title   = {LUCES-MV: A Multi-View Dataset for Near-Field Point Light Source Photometric Stereo},
  author  = {Fotios Logothetis and Ignas Budvytis and Stephan Liwicki and Roberto Cipolla},
  journal = {arXiv},
  year    = {2024}
}

@article{openillumination,
  title   = {OpenIllumination: A Multi-Illumination Dataset for Inverse Rendering Evaluation on Real Objects},
  author  = {Isabella Liu and Linghao Chen and Ziyang Fu and Liwen Wu and Haian Jin and Zhong Li and Chin Ming Ryan Wong and Yi Xu and Ravi Ramamoorthi and Zexiang Xu and Hao Su},
  journal = {arXiv},
  year    = {2024}
}

@article{diligenrt,
  title   = {DiLiGenRT: A Photometric Stereo Dataset with Quantified roughness and Translucency},
  author  = {Heng Guo and Jieji Ren and Feishi Wang and Mingjun Ren and Yasuyuki Matsushita},
  journal = {IEEE Xplore},
  year    = {2023}
}

@article{ga,
  title   = {PS-FCN: A Flexible Learning Framework for Photometric Stereo},
  author  = {Chen Guanying and Kai Han and Kwan-Yee Kenneth Wong},
  journal = {arXiv},
  year    = {2018}
}

@article{osrs,
  title   = {ОТКРЫТОЕ СОРЕВНОВАНИЕ РЕНДЕР-СИСТЕМ},
  author  = {В.А. ФРОЛОВ and Д.С. ПАВЛОВ and М.А. ТРОФИМОВ and П.А. КАЗБЕЕВ and В.А. ГАЛАКТИОНОВ},
  journal = {MATHEMATICA MONTISNIGRI},
  year    = {2019}
}